%%%%%%%%%%%%%%%%%% from CPHS 2018: %%%%%%%%%%%%%%%%%%%

@inproceedings{gibson2011modeling,
  author = {Gibson, Travis E and Annaswamy, Anuradha M  and Lavretsky, Eugene},
  booktitle = {AIAA Guidance, Navigation, and Control Conference},
  doi = {10.2514/6.2011-6202},
  pages = {10.2514/6.2011-6202},
  title = {Modeling for Control of Very Flexible Aircraft},
  year = {2011}
}

@phdthesis{qu2016phd,
  title={Adaptive Output-Feedback Control and Applications to Very Flexible Aircraft},
  author={Qu, Zheng},
  year={2016},
  school={Massachusetts Institute of Technology}
}

@inproceedings{thomsen2018shared,
  title={Shared Control Between Human and Adaptive Autopilots},
  author={Thomsen, Benjamin T and Annaswamy, Anuradha M and Lavretsky, Eugene},
  booktitle={AIAA Guidance, Navigation, and Control Conference},
  pages={10.2514/6.2018-1574},
  year={2018}
}

@incollection{lavretsky2015robust,
  title={Robust and Adaptive Control Methods for Aerial Vehicles},
  author={Lavretsky, Eugene},
  editor={Valavanis, Kimon P and Vachtsevanos, George J},
  booktitle={Handbook of Unmanned Aerial Vehicles},
  pages={675--710},
  year={2015},
  publisher={Springer}
}

@book{narendra2012stable,
  title={Stable Adaptive Systems},
  author={Narendra, Kumpati S and Annaswamy, Anuradha M},
  year={2005},
  publisher={Dover Publications}
}

@article{gibson2013adaptive,
  title={On Adaptive Control with Closed-Loop Reference Models: Transients, Oscillations, and Peaking},
  author={Gibson, Travis E and Annaswamy, Anuradha M and Lavretsky, Eugene},
  journal={IEEE Access},
  volume={1},
  pages={703--717},
  year={2013},
  publisher={IEEE}
}

@inproceedings{qu2016adaptive,
  title={Adaptive Output-Feedback Control for a Class of Multi-Input-Multi-Output Plants with Applications to Very Flexible Aircraft},
  author={Qu, Zheng and Annaswamy, Anuradha M and Lavretsky, Eugene},
  booktitle={American Control Conference (ACC), 2016},
  pages={1613--1618},
  year={2016},
  organization={IEEE}
}

@inproceedings{qu2015adaptive,
  title={Adaptive Output-Feedback Control for Relative Degree Two Systems Based on Closed-Loop Reference Models},
  author={Qu, Zheng and Annaswamy, Anuradha M and Lavretsky, Eugene},
  booktitle={IEEE Conference on Decision and Control (CDC)},
  pages={7598--7603},
  year={2015},
  organization={IEEE}
}

@book{lavretsky2013robust,
  title={Robust and Adaptive Control with Aerospace Applications},
  author={Lavretsky, Eugene and Wise, Kevin A},
  year={2013},
  publisher={Springer}
}

@incollection{endsley1996automation,
  title={Automation and Situation Awareness},
  author={Endsley, Mica R},
  booktitle={Automation and Human Performance: Theory and Applications},
  editor={Parasuraman, Raja and Mouloua, Mustapha},
  pages={163--181},
  publisher={Lawrence Erlbaum},
  year={1996}
}

@article{phatak1969model,
  title={Model of the Adaptive Behavior of the Human Operator in Response to a Sudden Change in the Control Situation},
  author={Phatak, Anil V and Bekey, George A},
  journal={IEEE Transactions on Man-Machine Systems},
  volume={10},
  number={3},
  pages={72--80},
  year={1969},
  publisher={IEEE}
}

@article{mcruer1967review,
  title={A Review of Quasi-Linear Pilot Models},
  author={McRuer, Duane T and Jex, Henry R},
  journal={IEEE Transactions on Human Factors in Electronics},
  number={3},
  pages={231--249},
  year={1967},
  publisher={IEEE}
}

@article{hess2015modeling,
  title={Modeling Human Pilot Adaptation to Flight Control Anomalies and Changing Task Demands},
  author={Hess, Ronald A},
  journal={Journal of Guidance, Control, and Dynamics},
  volume={38},
  number={6},
  pages={655--666},
  year={2015},
  publisher={American Institute of Aeronautics and Astronautics}
}

@article{zaal2016manual,
  title={Manual Control Adaptation to Changing Vehicle Dynamics in Roll--Pitch Control Tasks},
  author={Zaal, Peter MT},
  journal={Journal of Guidance, Control, and Dynamics},
  pages={1046--1058},
  year={2016},
  publisher={American Institute of Aeronautics and Astronautics}
}

@article{hess1997unified,
  title={Unified Theory for Aircraft Handling Qualities and Adverse Aircraft-Pilot Coupling},
  author={Hess, Ronald A},
  journal={Journal of Guidance, Control, and Dynamics},
  volume={20},
  number={6},
  pages={1141--1148},
  year={1997}
}

@inproceedings{farjadian2017bumpless,
  title={Bumpless Reengagement Using Shared Control between Human Pilot and Adaptive Autopilot},
  author={Farjadian, Amir B and Annaswamy, Anuradha M and Woods, David},
  booktitle={IFAC World Congress},
  pages={5343--5348},
  year={2017},
  organization={IFAC}
}

@inproceedings{belcastro2014preliminary,
  title={Preliminary Analysis of Aircraft Loss of Control Accidents: Worst Case Precursor Combinations and Temporal Sequencing},
  author={Belcastro, Christine M and Foster, John and Newman, Richard L and Groff, Loren and Crider, Dennis A and Klyde, David H},
  booktitle={AIAA Guidance, Navigation, and Control Conference},
  pages={10.2514/6.2014-0612},
  year={2014}
}

@article{lam2008haptic,
  title={Haptic Feedback in Uninhabited Aerial Vehicle Teleoperation with Time Delay},
  author={Lam, Thanh Mung and Mulder, Max and Van Paassen, Marinus M},
  journal={Journal of guidance, control, and dynamics},
  volume={31},
  number={6},
  pages={1728--1739},
  year={2008}
}

@article{mccarley2004human,
  title={Human Factors Concerns in {UAV} Flight},
  author={McCarley, Jason S and Wickens, Christopher D},
  year={2004},
  publisher={Citeseer}
}

@article{tvaryanas2008recurrent,
  title={Recurrent Error Pathways in {HFACS} Data: Analysis of 95 Mishaps with Remotely Piloted Aircraft},
  author={Tvaryanas, Anthony P and Thompson, William T},
  journal={Aviation, Space, and Environmental Medicine},
  volume={79},
  number={5},
  pages={525--532},
  year={2008},
  publisher={Aerospace Medical Association}
}

%%%%%%%%%%%%%%%%%% from SciTech: %%%%%%%%%%%%%%%%%%%

@article{kwon2014analysis,
  title={Analysis and Design of Stealthy Cyber Attacks on Unmanned Aerial Systems},
  author={Kwon, Cheolhyeon and Liu, Weiyi and Hwang, Inseok},
  journal={Journal of Aerospace Information Systems},
  volume={11},
  number={8},
  pages={525--539},
  year={2014},
  publisher={American Institute of Aeronautics and Astronautics}
}

@article{kwon2016cyber,
  title={Cyber Attack Mitigation for Cyber--Physical Systems: Hybrid System Approach to Controller Design},
  author={Kwon, Cheolhyeon and Hwang, Inseok},
  journal={IET Control Theory \& Applications},
  volume={10},
  number={7},
  pages={731--741},
  year={2016},
  publisher={IET}
}

@article{kerns2014unmanned,
  title={Unmanned Aircraft Capture and Control via {GPS} Spoofing},
  author={Kerns, Andrew J and Shepard, Daniel P and Bhatti, Jahshan A and Humphreys, Todd E},
  journal={Journal of Field Robotics},
  volume={31},
  number={4},
  pages={617--636},
  year={2014},
  publisher={Wiley Online Library}
}

@inproceedings{urbina2016limiting,
  title={Limiting the Impact of Stealthy Attacks on Industrial Control Systems},
  author={Urbina, David I and Giraldo, Jairo A and Cardenas, Alvaro A and Tippenhauer, Nils Ole and Valente, Junia and Faisal, Mustafa and Ruths, Justin and Candell, Richard and Sandberg, Henrik},
  booktitle={Proceedings of the 2016 ACM SIGSAC Conference on Computer and Communications Security},
  pages={1092--1105},
  year={2016},
  organization={ACM}
}


@article{hess2012modeling,
  title={Modeling the Pilot Detection of Time-Varying Aircraft Dynamics},
  author={Hess, Ronald A},
  journal={Journal of Aircraft},
  volume={49},
  number={6},
  pages={2100--2104},
  year={2012}
}

@techreport{heffley1972aircraft,
  title={Aircraft Handling Qualities Data},
  author={Heffley, Robert K and Jewell, Wayne F},
  institution = {Systems Technology, Inc.},
  address = {Hawthorne, California},
  number = {NASA-CR-2144},
  year={1972}
}

@inproceedings{kim2012cyber,
  title={Cyber Attack Vulnerabilities Analysis for Unmanned Aerial Vehicles},
  author={Kim, Alan and Wampler, Brandon and Goppert, James and Hwang, Inseok and Aldridge, Hal},
  booktitle="Infotech@Aerospace 2012",
  publisher={American Institute of Aeronautics and Astronautics},
  year={2012}
}

@article{pomet1992adaptive,
  title={Adaptive Nonlinear Regulation: Estimation from the {Lyapunov} Equation},
  author={Pomet, Jean-Baptiste and Praly, Laurent},
  journal={IEEE Transactions on Automatic Control},
  volume={37},
  number={6},
  pages={729--740},
  year={1992},
  publisher={IEEE}
}

@article{mcruer1980human,
  title={Human Dynamics in Man-Machine Systems},
  author={McRuer, Duane T},
  journal={Automatica},
  volume={16},
  number={3},
  pages={237--253},
  year={1980},
  publisher={Elsevier}
}

@article{hess2009modeling,
  title={Modeling Pilot Control Behavior with Sudden Changes in Vehicle Dynamics},
  author={Hess, Ronald A},
  journal={Journal of Aircraft},
  volume={46},
  number={5},
  pages={1584--1592},
  year={2009}
}

@inproceedings{zaal2011estimation,
  title={Estimation of Time-Varying Pilot Model Parameters},
  author={Zaal, Peter MT and Sweet, Barbara T},
  booktitle={AIAA Modeling and Simulation Technologies Conference},
  year={2011}
}

@inproceedings{richards2016development,
  title={Development and Pilot-In-The-Loop Evaluation of Robust Upset-Recovery Guidance},
  author={Richards, Nathan D and Gandhi, Neha and Bateman, Alec J and Klyde, David H and Lampton, Amanda K},
  booktitle={AIAA Guidance, Navigation, and Control Conference},
  year={2016}
}

@techreport{mcruer1995pilot,
  title={Pilot-Induced Oscillations and Human Dynamic Behavior},
  author={McRuer, Duane T},
  institution={Systems Technology, Inc.},
  address = {Hawthorne, California},
  number = {NASA-CR-4683},
  year={1995}
}

@article{zhang2008bibliographical,
  title={Bibliographical Review on Reconfigurable Fault-Tolerant Control Systems},
  author={Zhang, Youmin and Jiang, Jin},
  journal={Annual Reviews in Control},
  volume={32},
  number={2},
  pages={229--252},
  year={2008},
  publisher={Elsevier}
}

@inproceedings{amin2009safe,
  title={Safe and Secure Networked Control Systems Under Denial-of-Service Attacks},
  author={Amin, Saurabh and C{\'a}rdenas, Alvaro A and Sastry, S Shankar},
  booktitle={International Workshop on Hybrid Systems: Computation and Control},
  pages={31--45},
  year={2009},
  organization={Springer}
}

@misc{lavretsky2011projection,
  title={Projection Operator in Adaptive Systems},
  author={Lavretsky, Eugene and Gibson, Travis E and Annaswamy, Anuradha M},
  journal={arXiv preprint arXiv:1112.4232},
  year={2012},
  publisher={eprint}
}

@article{endsley1995toward,
  title={Toward a Theory of Situation Awareness in Dynamic Systems},
  author={Endsley, Mica R},
  journal={Human Factors: The Journal of the Human Factors and Ergonomics Society},
  volume={37},
  number={1},
  pages={32--64},
  year={1995},
  publisher={SAGE Publications}
}

@inproceedings{tan1994human,
  title={Human Factors for the Design of Force-Reflecting Haptic Interfaces},
  author={Tan, Hong Z and Srinivasan, Mandayam A and Eberman, Brian and Cheng, Belinda},
  booktitle={Dynamic Systems and Control},
  volume={55},
  pages={353--359},
  year={1994}
}

@inproceedings{yang2007development,
  title={Development of Quantitative Tactile Display Device to Provide Both Pin-Array-Type Tactile Feedback and Thermal Feedback},
  author={Yang, Gi-Hun and Kyung, Ki-Uk and Srinivasan, Mandayam A and Kwon, Dong-Soo},
  booktitle={Proceedings of the Second World Haptics Conference},
  pages={578--579},
  year={2007},
  organization={IEEE}
}

@inproceedings{farjadian2016resilient,
  title={Towards a Resilient Control Architecture: a Demonstration of Bumpless Re-engagement Following an Anomaly in Flight Control},
  author={Farjadian, Amir B and Annaswamy, Anuradha M and Woods, David},
  booktitle={Proceedings of the International Symposium on Sustainable Systems and Technologies},
  year={2016}
}

@inproceedings{steele2001shared,
  title={Shared Control Between Human and Machine: Using a Haptic Steering Wheel to Aid in Land Vehicle Guidance},
  author={Steele, Micah and Gillespie, R Brent},
  booktitle={Proceedings of the human factors and ergonomics society annual meeting},
  volume={45},
  number={23},
  pages={1671--1675},
  year={2001},
  organization={SAGE Publications}
}

@article{sheridan2011adaptive,
  title={Adaptive Automation, Level of Automation, Allocation Authority, Supervisory Control, and Adaptive Control: Distinctions and Modes of Adaptation},
  author={Sheridan, Thomas B},
  journal={IEEE Transactions on Systems, Man, and Cybernetics-Part A: Systems and Humans},
  volume={41},
  number={4},
  pages={662--667},
  year={2011},
  publisher={IEEE}
}

@article{parasuraman2000model,
  title={A Model for Types and Levels of Human Interaction with Automation},
  author={Parasuraman, Raja and Sheridan, Thomas B and Wickens, Christopher D},
  journal={IEEE Transactions on Systems, Man, and Cybernetics-Part A: Systems and Humans},
  volume={30},
  number={3},
  pages={286--297},
  year={2000},
  publisher={IEEE}
}

@article{sheridan2000human,
  title={Human Versus Automation in Responding to Failures: An Expected-Value Analysis},
  author={Sheridan, Thomas B and Parasuraman, Raja},
  journal={Human Factors},
  volume={42},
  number={3},
  pages={403--407},
  year={2000},
  publisher={Sage Publications}
}


@incollection{sheridan1976toward,
  title={Toward a General Model of Supervisory Control},
  author={Sheridan, Thomas B},
  booktitle={Monitoring Behavior and Supervisory Control},
  pages={271--281},
  year={1976},
  publisher={Springer}
}

@book{sheridan1992telerobotics,
  title={Telerobotics, Automation, and Human Supervisory Control},
  author={Sheridan, Thomas B},
  year={1992},
  publisher={MIT Press}
}

@inproceedings{belcastro2016aircraft,
  title={Aircraft Loss of Control: Problem Analysis for the Development and Validation of Technology Solutions},
  author={Belcastro, Christine M and Foster, John V and Newman, Richard L and Groff, Loren and Crider, Dennis A and Klyde, David H},
  booktitle={AIAA Guidance, Navigation, and Control Conference},
  year={2016}
}

@article{oliver2017cognition,
  title={Cognition, Technology, and Organizational Limits: Lessons from the {Air France 447} Disaster},
  author={Oliver, Nick and Calvard, Thomas and Poto{\v{c}}nik, Kristina},
  journal={Organization Science},
  year={2017},
  publisher={INFORMS}
}
